<record><leader>00000cas a22000007a 4500</leader><controlfield tag="001">22297579</controlfield><controlfield tag="008">900830d189819uucouwr ne      0    0eng d</controlfield><datafield ind1=" " ind2=" " tag="010"><subfield code="a">sn 90051609 </subfield></datafield><datafield ind1=" " ind2=" " tag="040"><subfield code="a">CNQ</subfield><subfield code="b">eng</subfield><subfield code="c">CNQ</subfield><subfield code="d">OCLCQ</subfield></datafield><datafield ind1=" " ind2=" " tag="042"><subfield code="a">msc</subfield></datafield><datafield ind1="0" ind2=" " tag="130"><subfield code="a">Weekly courier (Fort Collins, Colo.)</subfield></datafield><datafield ind1="1" ind2="4" tag="245"><subfield code="a">The weekly courier.</subfield></datafield><datafield ind1=" " ind2=" " tag="260"><subfield code="a">Fort Collins, Colo. :</subfield><subfield code="b">Courier Print. and Pub. Co.</subfield></datafield><datafield ind1=" " ind2=" " tag="300"><subfield code="a">v.</subfield></datafield><datafield ind1=" " ind2=" " tag="310"><subfield code="a">Weekly</subfield></datafield><datafield ind1="0" ind2=" " tag="362"><subfield code="a">Vol. 21, no. 6 (July 28, 1898)- = whole no. 1046-</subfield></datafield><datafield ind1=" " ind2=" " tag="530"><subfield code="a">Available on microfilm from the Colorado Historical Society.</subfield></datafield><datafield ind1=" " ind2=" " tag="580"><subfield code="a">Daily ed.: Evening courier (Fort Collins, Colo.).</subfield></datafield><datafield ind1=" " ind2=" " tag="580"><subfield code="a">Merged with: Larimer County democrat, and: Fort Collins express (Fort Collins, Colo. : 1918 : Weekly), to form: Larimer County independent.</subfield></datafield><datafield ind1=" " ind2=" " tag="752"><subfield code="a">United States</subfield><subfield code="b">Colorado</subfield><subfield code="c">Larimer</subfield><subfield code="d">Fort Collins.</subfield></datafield><datafield ind1="1" ind2=" " tag="775"><subfield code="t">Evening courier (Fort Collins, Colo.)</subfield><subfield code="w">(DLC)sn 91052267</subfield></datafield><datafield ind1="0" ind2="0" tag="780"><subfield code="t">Fort Collins courier (Fort Collins, Colo. : Weekly : 1878)</subfield><subfield code="w">(DLC)sn 85067363</subfield></datafield><datafield ind1="1" ind2="7" tag="785"><subfield code="t">Larimer County democrat</subfield><subfield code="w">(DLC)sn 91052221</subfield></datafield><datafield ind1="1" ind2="7" tag="785"><subfield code="t">Fort Collins express (Fort Collins, Colo. : 1918 : Weekly)</subfield><subfield code="w">(DLC)sn 91052525</subfield></datafield><datafield ind1="1" ind2="7" tag="785"><subfield code="t">Larimer County independent</subfield><subfield code="w">(DLC)sn 91052128</subfield></datafield></record>